<?xml version="1.0" encoding="UTF-8"?><record xmlns="http://www.loc.gov/MARC21/slim" xmlns:cinclude="http://apache.org/cocoon/include/1.0" xmlns:zs="http://www.loc.gov/zing/srw/">
  <leader>00446nz  a2200145n  4500</leader>
  <controlfield tag="001">no2004003418</controlfield>
  <controlfield tag="003">DLC</controlfield>
  <controlfield tag="005">20040115052416.0</controlfield>
  <controlfield tag="008">040114n| acannaab           |a aaa     c</controlfield>
  <datafield tag="010" ind1=" " ind2=" ">
    <subfield code="a">no2004003418</subfield>
  </datafield>
  <datafield tag="035" ind1=" " ind2=" ">
    <subfield code="a">(OCoLC)oca06246773</subfield>
  </datafield>
  <datafield tag="040" ind1=" " ind2=" ">
    <subfield code="a">NjP</subfield>
    <subfield code="b">eng</subfield>
    <subfield code="c">NjP</subfield>
  </datafield>
  <datafield tag="100" ind1="1" ind2=" ">
    <subfield code="a">Di Paola, Furio</subfield>
  </datafield>
  <datafield tag="400" ind1="1" ind2=" ">
    <subfield code="a">Paola, Furio di</subfield>
  </datafield>
  <datafield tag="670" ind1=" " ind2=" ">
    <subfield code="a">Soggetti diversi, 1999:</subfield>
    <subfield code="b">t.p. (Furio Di Paola) cover flap (researcher in the dept. of philosophy, UniversitaĚ di Napoli.)</subfield>
  </datafield>
</record>